@article{schweikardt,
  author    = {Nicole Schweikardt},
  title     = {Arithmetic, First-Order Logic, and Counting Quantifiers},
  journal   = {CoRR},
  volume    = {cs.LO/0211022},
  year      = {2002},
  url       = {http://arxiv.org/abs/cs.LO/0211022},
  timestamp = {Mon, 05 Dec 2011 18:05:28 +0100},
  biburl    = {http://dblp.uni-trier.de/rec/bib/journals/corr/cs-LO-0211022},
  bibsource = {dblp computer science bibliography, http://dblp.org}
}
@article{AlbertiGP16,
  author    = {Francesco Alberti and
               Silvio Ghilardi and
               Elena Pagani},
  title     = {Counting Constraints in Flat Array Fragments},
  journal   = {CoRR},
  volume    = {abs/1602.00458},
  year      = {2016},
  url       = {http://arxiv.org/abs/1602.00458},
  timestamp = {Tue, 01 Mar 2016 17:47:25 +0100},
  biburl    = {http://dblp.uni-trier.de/rec/bib/journals/corr/AlbertiGP16},
  bibsource = {dblp computer science bibliography, http://dblp.org}
}
@inproceedings{de2009generalized,
  title={Generalized, efficient array decision procedures},
  author={De Moura, Leonardo and Bj, Nikolaj and others},
  booktitle={Formal Methods in Computer-Aided Design, 2009. FMCAD 2009},
  pages={45--52},
  year={2009},
  organization={IEEE}
}
@inproceedings{ge2009complete,
  title={Complete instantiation for quantified formulas in satisfiabiliby modulo theories},
  author={Ge, Yeting and De Moura, Leonardo},
  booktitle={International Conference on Computer Aided Verification},
  pages={306--320},
  year={2009},
  organization={Springer}
}
@article{apt1986limits,
  title={Limits for automatic verification of finite-state concurrent systems},
  author={Apt, Krzysztof R and Kozen, Dexter C},
  journal={Information Processing Letters},
  volume={22},
  number={6},
  pages={307--309},
  year={1986},
  publisher={Elsevier}
}

@inproceedings{dutertre2015solving,
  title={Solving exists/forall problems with yices},
  author={Dutertre, Bruno},
  booktitle={Workshop on Satisfiability Modulo Theories},
  year={2015}
}
@inproceedings{bradley2006s,
  title={What's decidable about arrays?},
  author={Bradley, Aaron R and Manna, Zohar and Sipma, Henny B},
  booktitle={International Workshop on Verification, Model Checking, and Abstract Interpretation},
  pages={427--442},
  year={2006},
  organization={Springer}
}
@inproceedings{ConchonGKMZ12,
  author    = {Sylvain Conchon and
               Amit Goel and
               Sava Krstic and
               Alain Mebsout and
               Fatiha Za\"{\i}di},
  title     = {Cubicle: A Parallel SMT-Based Model Checker for Parameterized
               Systems - Tool Paper},
  booktitle = {CAV},
  year      = {2012},
  pages     = {718-724},
  ee        = {http://dx.doi.org/10.1007/978-3-642-31424-7_55},
  crossref  = {DBLP:conf/cav/2012},
  bibsource = {DBLP, http://dblp.uni-trier.de}
}
@proceedings{DBLP:conf/cav/2012,
  editor    = {P. Madhusudan and
               Sanjit A. Seshia},
  title     = {Computer Aided Verification - 24th International Conference,
               CAV 2012, Berkeley, CA, USA, July 7-13, 2012 Proceedings},
  booktitle = {CAV},
  publisher = {Springer},
  series    = {Lecture Notes in Computer Science},
  volume    = {7358},
  year      = {2012},
  isbn      = {978-3-642-31423-0},
  ee        = {http://dx.doi.org/10.1007/978-3-642-31424-7},
  bibsource = {DBLP, http://dblp.uni-trier.de}
}
@article{cardinalityset,
  title={A New Decision Procedure for Finite Sets and Cardinality Constraints in SMT},
  author={Bansal, Kshitij and Reynolds, Andrew and Barrett, Clark and Tinelli, Cesare}
}
@article{cooper,
  title={Theorem proving in arithmetic without multiplication},
  author={Cooper, David C},
  journal={Machine Intelligence},
  volume={7},
  number={91-99},
  pages={300},
  year={1972}
}
@inproceedings{pdr,
  title={Efficient implementation of property directed reachability},
  author={Een, Niklas and Mishchenko, Alan and Brayton, Robert},
  booktitle={Formal Methods in Computer-Aided Design (FMCAD), 2011},
  pages={125--134},
  year={2011},
  organization={IEEE}
}
@article{barrett2010smt,
  title={The SMT-LIB Standard Version 2.6},
  author={Barrett, Clark and Fontaine, Pascal and Tinelli, Cesare},
  year={2010}
}

@article{biere2003bounded,
  title={Bounded model checking},
  author={Biere, Armin and Cimatti, Alessandro and Clarke, Edmund M and Strichman, Ofer and Zhu, Yunshan},
  journal={Advances in computers},
  volume={58},
  pages={117--148},
  year={2003},
  publisher={Elsevier}
}

@inproceedings{sheeran2000checking,
  title={Checking safety properties using induction and a SAT-solver},
  author={Sheeran, Mary and Singh, Satnam and St{\aa}lmarck, Gunnar},
  booktitle={International conference on formal methods in computer-aided design},
  pages={127--144},
  year={2000},
  organization={Springer}
}

@article{barrett2009satisfiability,
  title={Satisfiability Modulo Theories.},
  author={Barrett, Clark W and Sebastiani, Roberto and Seshia, Sanjit A and Tinelli, Cesare},
  journal={Handbook of satisfiability},
  volume={185},
  pages={825--885},
  year={2009}
}

@inproceedings{jovanovic2016property,
  title={Property-Directed k-Induction},
  author={Jovanovic, Dejan and Dutertre, Bruno},
  booktitle={Formal Methods in Computer-Aided Design},
  year={2016}
}

@article{weispfenning1988complexity,
  title={The complexity of linear problems in fields},
  author={Weispfenning, Volker},
  journal={Journal of Symbolic Computation},
  volume={5},
  number={1},
  pages={3--27},
  year={1988},
  publisher={Elsevier}
}

@phdthesis{ge2010solving,
  title={Solving quantified first order formulas in Satisfiability Modulo Theories},
  author={Ge, Yeting},
  year={2010},
  school={New York University}
}
@article{lamport,
  title={The Byzantine generals problem},
  author={Lamport, Leslie and Shostak, Robert and Pease, Marshall},
  journal={ACM Transactions on Programming Languages and Systems (TOPLAS)},
  volume={4},
  number={3},
  pages={382--401},
  year={1982},
  publisher={ACM}
}
