@article{AlbertiGP16,
  author    = {Francesco Alberti and
               Silvio Ghilardi and
               Elena Pagani},
  title     = {Counting Constraints in Flat Array Fragments},
  journal   = {CoRR},
  volume    = {abs/1602.00458},
  year      = {2016},
  url       = {http://arxiv.org/abs/1602.00458},
  timestamp = {Tue, 01 Mar 2016 17:47:25 +0100},
  biburl    = {http://dblp.uni-trier.de/rec/bib/journals/corr/AlbertiGP16},
  bibsource = {dblp computer science bibliography, http://dblp.org}
}
@inproceedings{bradley2006s,
  title={Whatâ€™s decidable about arrays?},
  author={Bradley, Aaron R and Manna, Zohar and Sipma, Henny B},
  booktitle={Verification, Model Checking, and Abstract Interpretation},
  pages={427--442},
  year={2006},
  organization={Springer}
}
@article{bjornercardinalities,
  title={Cardinalities and Universal Quantifiers for Verifying Parameterized Systems},
  author={Bj{\o}rner, Nikolaj and Gleissenthall, Klaus v and Rybalchenko, Andrey}
}
