@article{schweikardt,
  author    = {Nicole Schweikardt},
  title     = {Arithmetic, First-Order Logic, and Counting Quantifiers},
  journal   = {CoRR},
  volume    = {cs.LO/0211022},
  year      = {2002},
  url       = {http://arxiv.org/abs/cs.LO/0211022},
  timestamp = {Mon, 05 Dec 2011 18:05:28 +0100},
  biburl    = {http://dblp.uni-trier.de/rec/bib/journals/corr/cs-LO-0211022},
  bibsource = {dblp computer science bibliography, http://dblp.org}
}
@article{AlbertiGP16,
  author    = {Francesco Alberti and
               Silvio Ghilardi and
               Elena Pagani},
  title     = {Counting Constraints in Flat Array Fragments},
  journal   = {CoRR},
  volume    = {abs/1602.00458},
  year      = {2016},
  url       = {http://arxiv.org/abs/1602.00458},
  timestamp = {Tue, 01 Mar 2016 17:47:25 +0100},
  biburl    = {http://dblp.uni-trier.de/rec/bib/journals/corr/AlbertiGP16},
  bibsource = {dblp computer science bibliography, http://dblp.org}
}
